%YAML 1.1
%TAG !u! tag:unity3d.com,2011:
--- !u!1 &9056890473032608534
GameObject:
  m_ObjectHideFlags: 0
  m_CorrespondingSourceObject: {fileID: 0}
  m_PrefabInstance: {fileID: 0}
  m_PrefabAsset: {fileID: 0}
  serializedVersion: 6
  m_Component:
  - component: {fileID: 8573544493415543212}
  - component: {fileID: 4707531407113928201}
  - component: {fileID: 7399543476487310019}
  m_Layer: 0
  m_Name: RedcarNew
  m_TagString: Car
  m_Icon: {fileID: 0}
  m_NavMeshLayer: 0
  m_StaticEditorFlags: 0
  m_IsActive: 1
--- !u!4 &8573544493415543212
Transform:
  m_ObjectHideFlags: 0
  m_CorrespondingSourceObject: {fileID: 0}
  m_PrefabInstance: {fileID: 0}
  m_PrefabAsset: {fileID: 0}
  m_GameObject: {fileID: 9056890473032608534}
  m_LocalRotation: {x: 0, y: -0, z: -0, w: 1}
  m_LocalPosition: {x: 5.530753, y: 4.85, z: -13.834118}
  m_LocalScale: {x: 1, y: 1, z: 1}
  m_ConstrainProportionsScale: 0
  m_Children:
  - {fileID: 8573544492371437043}
  - {fileID: 8573544493514888226}
  - {fileID: 8573544493729766171}
  - {fileID: 8573544492985816458}
  m_Father: {fileID: 0}
  m_RootOrder: 0
  m_LocalEulerAnglesHint: {x: 0, y: 0, z: 0}
--- !u!33 &4707531407113928201
MeshFilter:
  m_ObjectHideFlags: 0
  m_CorrespondingSourceObject: {fileID: 0}
  m_PrefabInstance: {fileID: 0}
  m_PrefabAsset: {fileID: 0}
  m_GameObject: {fileID: 9056890473032608534}
  m_Mesh: {fileID: 6895988045391874979, guid: 1dba4a2fc9eaa794c96b62b05c43d342, type: 3}
--- !u!23 &7399543476487310019
MeshRenderer:
  m_ObjectHideFlags: 0
  m_CorrespondingSourceObject: {fileID: 0}
  m_PrefabInstance: {fileID: 0}
  m_PrefabAsset: {fileID: 0}
  m_GameObject: {fileID: 9056890473032608534}
  m_Enabled: 1
  m_CastShadows: 1
  m_ReceiveShadows: 1
  m_DynamicOccludee: 1
  m_StaticShadowCaster: 0
  m_MotionVectors: 1
  m_LightProbeUsage: 1
  m_ReflectionProbeUsage: 1
  m_RayTracingMode: 2
  m_RayTraceProcedural: 0
  m_RenderingLayerMask: 1
  m_RendererPriority: 0
  m_Materials:
  - {fileID: 2100000, guid: 3024afc479c626d4fbe087b269f3566f, type: 2}
  m_StaticBatchInfo:
    firstSubMesh: 0
    subMeshCount: 0
  m_StaticBatchRoot: {fileID: 0}
  m_ProbeAnchor: {fileID: 0}
  m_LightProbeVolumeOverride: {fileID: 0}
  m_ScaleInLightmap: 1
  m_ReceiveGI: 1
  m_PreserveUVs: 0
  m_IgnoreNormalsForChartDetection: 0
  m_ImportantGI: 0
  m_StitchLightmapSeams: 1
  m_SelectedEditorRenderState: 3
  m_MinimumChartSize: 4
  m_AutoUVMaxDistance: 0.5
  m_AutoUVMaxAngle: 89
  m_LightmapParameters: {fileID: 0}
  m_SortingLayerID: 0
  m_SortingLayer: 0
  m_SortingOrder: 0
  m_AdditionalVertexStreams: {fileID: 0}
--- !u!1001 &8174561328174316784
PrefabInstance:
  m_ObjectHideFlags: 0
  serializedVersion: 2
  m_Modification:
    m_TransformParent: {fileID: 8573544493415543212}
    m_Modifications:
    - target: {fileID: -8679921383154817045, guid: 10ab5ae1971581d469d902c3e84796ed,
        type: 3}
      propertyPath: m_RootOrder
      value: 2
      objectReference: {fileID: 0}
    - target: {fileID: -8679921383154817045, guid: 10ab5ae1971581d469d902c3e84796ed,
        type: 3}
      propertyPath: m_LocalScale.x
      value: 1
      objectReference: {fileID: 0}
    - target: {fileID: -8679921383154817045, guid: 10ab5ae1971581d469d902c3e84796ed,
        type: 3}
      propertyPath: m_LocalScale.y
      value: 1
      objectReference: {fileID: 0}
    - target: {fileID: -8679921383154817045, guid: 10ab5ae1971581d469d902c3e84796ed,
        type: 3}
      propertyPath: m_LocalScale.z
      value: 1
      objectReference: {fileID: 0}
    - target: {fileID: -8679921383154817045, guid: 10ab5ae1971581d469d902c3e84796ed,
        type: 3}
      propertyPath: m_LocalPosition.x
      value: 2.6292467
      objectReference: {fileID: 0}
    - target: {fileID: -8679921383154817045, guid: 10ab5ae1971581d469d902c3e84796ed,
        type: 3}
      propertyPath: m_LocalPosition.y
      value: -3.2599998
      objectReference: {fileID: 0}
    - target: {fileID: -8679921383154817045, guid: 10ab5ae1971581d469d902c3e84796ed,
        type: 3}
      propertyPath: m_LocalPosition.z
      value: 4.4041176
      objectReference: {fileID: 0}
    - target: {fileID: -8679921383154817045, guid: 10ab5ae1971581d469d902c3e84796ed,
        type: 3}
      propertyPath: m_LocalRotation.w
      value: 1
      objectReference: {fileID: 0}
    - target: {fileID: -8679921383154817045, guid: 10ab5ae1971581d469d902c3e84796ed,
        type: 3}
      propertyPath: m_LocalRotation.x
      value: 0.00012349027
      objectReference: {fileID: 0}
    - target: {fileID: -8679921383154817045, guid: 10ab5ae1971581d469d902c3e84796ed,
        type: 3}
      propertyPath: m_LocalRotation.y
      value: -0
      objectReference: {fileID: 0}
    - target: {fileID: -8679921383154817045, guid: 10ab5ae1971581d469d902c3e84796ed,
        type: 3}
      propertyPath: m_LocalRotation.z
      value: -0
      objectReference: {fileID: 0}
    - target: {fileID: -8679921383154817045, guid: 10ab5ae1971581d469d902c3e84796ed,
        type: 3}
      propertyPath: m_LocalEulerAnglesHint.x
      value: 0
      objectReference: {fileID: 0}
    - target: {fileID: -8679921383154817045, guid: 10ab5ae1971581d469d902c3e84796ed,
        type: 3}
      propertyPath: m_LocalEulerAnglesHint.y
      value: 0
      objectReference: {fileID: 0}
    - target: {fileID: -8679921383154817045, guid: 10ab5ae1971581d469d902c3e84796ed,
        type: 3}
      propertyPath: m_LocalEulerAnglesHint.z
      value: 0
      objectReference: {fileID: 0}
    - target: {fileID: -7511558181221131132, guid: 10ab5ae1971581d469d902c3e84796ed,
        type: 3}
      propertyPath: m_Materials.Array.data[0]
      value: 
      objectReference: {fileID: 2100000, guid: 3024afc479c626d4fbe087b269f3566f, type: 2}
    - target: {fileID: 919132149155446097, guid: 10ab5ae1971581d469d902c3e84796ed,
        type: 3}
      propertyPath: m_Name
      value: 1Lor (2)
      objectReference: {fileID: 0}
    m_RemovedComponents: []
  m_SourcePrefab: {fileID: 100100000, guid: 10ab5ae1971581d469d902c3e84796ed, type: 3}
--- !u!4 &8573544493729766171 stripped
Transform:
  m_CorrespondingSourceObject: {fileID: -8679921383154817045, guid: 10ab5ae1971581d469d902c3e84796ed,
    type: 3}
  m_PrefabInstance: {fileID: 8174561328174316784}
  m_PrefabAsset: {fileID: 0}
--- !u!1 &9056890472726036897 stripped
GameObject:
  m_CorrespondingSourceObject: {fileID: 919132149155446097, guid: 10ab5ae1971581d469d902c3e84796ed,
    type: 3}
  m_PrefabInstance: {fileID: 8174561328174316784}
  m_PrefabAsset: {fileID: 0}
--- !u!114 &8174561328126957942
MonoBehaviour:
  m_ObjectHideFlags: 0
  m_CorrespondingSourceObject: {fileID: 0}
  m_PrefabInstance: {fileID: 0}
  m_PrefabAsset: {fileID: 0}
  m_GameObject: {fileID: 9056890472726036897}
  m_Enabled: 1
  m_EditorHideFlags: 0
  m_Script: {fileID: 11500000, guid: 2c462b255f9d3ab4384880a70b3138e2, type: 3}
  m_Name: 
  m_EditorClassIdentifier: 
  m_AngularSpeed: 5
  m_AxisOfRotation: {x: 1, y: 0, z: 0}
--- !u!1001 &8174561328422941641
PrefabInstance:
  m_ObjectHideFlags: 0
  serializedVersion: 2
  m_Modification:
    m_TransformParent: {fileID: 8573544493415543212}
    m_Modifications:
    - target: {fileID: -8679921383154817045, guid: 10ab5ae1971581d469d902c3e84796ed,
        type: 3}
      propertyPath: m_RootOrder
      value: 1
      objectReference: {fileID: 0}
    - target: {fileID: -8679921383154817045, guid: 10ab5ae1971581d469d902c3e84796ed,
        type: 3}
      propertyPath: m_LocalScale.x
      value: 1
      objectReference: {fileID: 0}
    - target: {fileID: -8679921383154817045, guid: 10ab5ae1971581d469d902c3e84796ed,
        type: 3}
      propertyPath: m_LocalScale.y
      value: 1
      objectReference: {fileID: 0}
    - target: {fileID: -8679921383154817045, guid: 10ab5ae1971581d469d902c3e84796ed,
        type: 3}
      propertyPath: m_LocalScale.z
      value: 1
      objectReference: {fileID: 0}
    - target: {fileID: -8679921383154817045, guid: 10ab5ae1971581d469d902c3e84796ed,
        type: 3}
      propertyPath: m_LocalPosition.x
      value: -2.590753
      objectReference: {fileID: 0}
    - target: {fileID: -8679921383154817045, guid: 10ab5ae1971581d469d902c3e84796ed,
        type: 3}
      propertyPath: m_LocalPosition.y
      value: -3.2599998
      objectReference: {fileID: 0}
    - target: {fileID: -8679921383154817045, guid: 10ab5ae1971581d469d902c3e84796ed,
        type: 3}
      propertyPath: m_LocalPosition.z
      value: -3.3958817
      objectReference: {fileID: 0}
    - target: {fileID: -8679921383154817045, guid: 10ab5ae1971581d469d902c3e84796ed,
        type: 3}
      propertyPath: m_LocalRotation.w
      value: 1
      objectReference: {fileID: 0}
    - target: {fileID: -8679921383154817045, guid: 10ab5ae1971581d469d902c3e84796ed,
        type: 3}
      propertyPath: m_LocalRotation.x
      value: 0.00012349027
      objectReference: {fileID: 0}
    - target: {fileID: -8679921383154817045, guid: 10ab5ae1971581d469d902c3e84796ed,
        type: 3}
      propertyPath: m_LocalRotation.y
      value: -0
      objectReference: {fileID: 0}
    - target: {fileID: -8679921383154817045, guid: 10ab5ae1971581d469d902c3e84796ed,
        type: 3}
      propertyPath: m_LocalRotation.z
      value: -0
      objectReference: {fileID: 0}
    - target: {fileID: -8679921383154817045, guid: 10ab5ae1971581d469d902c3e84796ed,
        type: 3}
      propertyPath: m_LocalEulerAnglesHint.x
      value: 0
      objectReference: {fileID: 0}
    - target: {fileID: -8679921383154817045, guid: 10ab5ae1971581d469d902c3e84796ed,
        type: 3}
      propertyPath: m_LocalEulerAnglesHint.y
      value: 0
      objectReference: {fileID: 0}
    - target: {fileID: -8679921383154817045, guid: 10ab5ae1971581d469d902c3e84796ed,
        type: 3}
      propertyPath: m_LocalEulerAnglesHint.z
      value: 0
      objectReference: {fileID: 0}
    - target: {fileID: -7511558181221131132, guid: 10ab5ae1971581d469d902c3e84796ed,
        type: 3}
      propertyPath: m_Materials.Array.data[0]
      value: 
      objectReference: {fileID: 2100000, guid: 3024afc479c626d4fbe087b269f3566f, type: 2}
    - target: {fileID: 919132149155446097, guid: 10ab5ae1971581d469d902c3e84796ed,
        type: 3}
      propertyPath: m_Name
      value: 1Lor (1)
      objectReference: {fileID: 0}
    m_RemovedComponents: []
  m_SourcePrefab: {fileID: 100100000, guid: 10ab5ae1971581d469d902c3e84796ed, type: 3}
--- !u!4 &8573544493514888226 stripped
Transform:
  m_CorrespondingSourceObject: {fileID: -8679921383154817045, guid: 10ab5ae1971581d469d902c3e84796ed,
    type: 3}
  m_PrefabInstance: {fileID: 8174561328422941641}
  m_PrefabAsset: {fileID: 0}
--- !u!1 &9056890472840449688 stripped
GameObject:
  m_CorrespondingSourceObject: {fileID: 919132149155446097, guid: 10ab5ae1971581d469d902c3e84796ed,
    type: 3}
  m_PrefabInstance: {fileID: 8174561328422941641}
  m_PrefabAsset: {fileID: 0}
--- !u!114 &8174561327859307193
MonoBehaviour:
  m_ObjectHideFlags: 0
  m_CorrespondingSourceObject: {fileID: 0}
  m_PrefabInstance: {fileID: 0}
  m_PrefabAsset: {fileID: 0}
  m_GameObject: {fileID: 9056890472840449688}
  m_Enabled: 1
  m_EditorHideFlags: 0
  m_Script: {fileID: 11500000, guid: 2c462b255f9d3ab4384880a70b3138e2, type: 3}
  m_Name: 
  m_EditorClassIdentifier: 
  m_AngularSpeed: 5
  m_AxisOfRotation: {x: 1, y: 0, z: 0}
--- !u!1001 &8174561328918196833
PrefabInstance:
  m_ObjectHideFlags: 0
  serializedVersion: 2
  m_Modification:
    m_TransformParent: {fileID: 8573544493415543212}
    m_Modifications:
    - target: {fileID: -8679921383154817045, guid: 10ab5ae1971581d469d902c3e84796ed,
        type: 3}
      propertyPath: m_RootOrder
      value: 3
      objectReference: {fileID: 0}
    - target: {fileID: -8679921383154817045, guid: 10ab5ae1971581d469d902c3e84796ed,
        type: 3}
      propertyPath: m_LocalScale.x
      value: 1
      objectReference: {fileID: 0}
    - target: {fileID: -8679921383154817045, guid: 10ab5ae1971581d469d902c3e84796ed,
        type: 3}
      propertyPath: m_LocalScale.y
      value: 1
      objectReference: {fileID: 0}
    - target: {fileID: -8679921383154817045, guid: 10ab5ae1971581d469d902c3e84796ed,
        type: 3}
      propertyPath: m_LocalScale.z
      value: 1
      objectReference: {fileID: 0}
    - target: {fileID: -8679921383154817045, guid: 10ab5ae1971581d469d902c3e84796ed,
        type: 3}
      propertyPath: m_LocalPosition.x
      value: 2.6292467
      objectReference: {fileID: 0}
    - target: {fileID: -8679921383154817045, guid: 10ab5ae1971581d469d902c3e84796ed,
        type: 3}
      propertyPath: m_LocalPosition.y
      value: -3.2599998
      objectReference: {fileID: 0}
    - target: {fileID: -8679921383154817045, guid: 10ab5ae1971581d469d902c3e84796ed,
        type: 3}
      propertyPath: m_LocalPosition.z
      value: -3.3958817
      objectReference: {fileID: 0}
    - target: {fileID: -8679921383154817045, guid: 10ab5ae1971581d469d902c3e84796ed,
        type: 3}
      propertyPath: m_LocalRotation.w
      value: 1
      objectReference: {fileID: 0}
    - target: {fileID: -8679921383154817045, guid: 10ab5ae1971581d469d902c3e84796ed,
        type: 3}
      propertyPath: m_LocalRotation.x
      value: 0.00012349027
      objectReference: {fileID: 0}
    - target: {fileID: -8679921383154817045, guid: 10ab5ae1971581d469d902c3e84796ed,
        type: 3}
      propertyPath: m_LocalRotation.y
      value: -0
      objectReference: {fileID: 0}
    - target: {fileID: -8679921383154817045, guid: 10ab5ae1971581d469d902c3e84796ed,
        type: 3}
      propertyPath: m_LocalRotation.z
      value: -0
      objectReference: {fileID: 0}
    - target: {fileID: -8679921383154817045, guid: 10ab5ae1971581d469d902c3e84796ed,
        type: 3}
      propertyPath: m_LocalEulerAnglesHint.x
      value: 0
      objectReference: {fileID: 0}
    - target: {fileID: -8679921383154817045, guid: 10ab5ae1971581d469d902c3e84796ed,
        type: 3}
      propertyPath: m_LocalEulerAnglesHint.y
      value: 0
      objectReference: {fileID: 0}
    - target: {fileID: -8679921383154817045, guid: 10ab5ae1971581d469d902c3e84796ed,
        type: 3}
      propertyPath: m_LocalEulerAnglesHint.z
      value: 0
      objectReference: {fileID: 0}
    - target: {fileID: -7511558181221131132, guid: 10ab5ae1971581d469d902c3e84796ed,
        type: 3}
      propertyPath: m_Materials.Array.data[0]
      value: 
      objectReference: {fileID: 2100000, guid: 3024afc479c626d4fbe087b269f3566f, type: 2}
    - target: {fileID: 919132149155446097, guid: 10ab5ae1971581d469d902c3e84796ed,
        type: 3}
      propertyPath: m_Name
      value: 1Lor (3)
      objectReference: {fileID: 0}
    m_RemovedComponents: []
  m_SourcePrefab: {fileID: 100100000, guid: 10ab5ae1971581d469d902c3e84796ed, type: 3}
--- !u!4 &8573544492985816458 stripped
Transform:
  m_CorrespondingSourceObject: {fileID: -8679921383154817045, guid: 10ab5ae1971581d469d902c3e84796ed,
    type: 3}
  m_PrefabInstance: {fileID: 8174561328918196833}
  m_PrefabAsset: {fileID: 0}
--- !u!1 &9056890472263143216 stripped
GameObject:
  m_CorrespondingSourceObject: {fileID: 919132149155446097, guid: 10ab5ae1971581d469d902c3e84796ed,
    type: 3}
  m_PrefabInstance: {fileID: 8174561328918196833}
  m_PrefabAsset: {fileID: 0}
--- !u!114 &8174561328431402815
MonoBehaviour:
  m_ObjectHideFlags: 0
  m_CorrespondingSourceObject: {fileID: 0}
  m_PrefabInstance: {fileID: 0}
  m_PrefabAsset: {fileID: 0}
  m_GameObject: {fileID: 9056890472263143216}
  m_Enabled: 1
  m_EditorHideFlags: 0
  m_Script: {fileID: 11500000, guid: 2c462b255f9d3ab4384880a70b3138e2, type: 3}
  m_Name: 
  m_EditorClassIdentifier: 
  m_AngularSpeed: 5
  m_AxisOfRotation: {x: 1, y: 0, z: 0}
--- !u!1001 &8174561329566384664
PrefabInstance:
  m_ObjectHideFlags: 0
  serializedVersion: 2
  m_Modification:
    m_TransformParent: {fileID: 8573544493415543212}
    m_Modifications:
    - target: {fileID: -8679921383154817045, guid: 10ab5ae1971581d469d902c3e84796ed,
        type: 3}
      propertyPath: m_RootOrder
      value: 0
      objectReference: {fileID: 0}
    - target: {fileID: -8679921383154817045, guid: 10ab5ae1971581d469d902c3e84796ed,
        type: 3}
      propertyPath: m_LocalScale.x
      value: 1
      objectReference: {fileID: 0}
    - target: {fileID: -8679921383154817045, guid: 10ab5ae1971581d469d902c3e84796ed,
        type: 3}
      propertyPath: m_LocalScale.y
      value: 1
      objectReference: {fileID: 0}
    - target: {fileID: -8679921383154817045, guid: 10ab5ae1971581d469d902c3e84796ed,
        type: 3}
      propertyPath: m_LocalScale.z
      value: 1
      objectReference: {fileID: 0}
    - target: {fileID: -8679921383154817045, guid: 10ab5ae1971581d469d902c3e84796ed,
        type: 3}
      propertyPath: m_LocalPosition.x
      value: -2.590753
      objectReference: {fileID: 0}
    - target: {fileID: -8679921383154817045, guid: 10ab5ae1971581d469d902c3e84796ed,
        type: 3}
      propertyPath: m_LocalPosition.y
      value: -3.2599998
      objectReference: {fileID: 0}
    - target: {fileID: -8679921383154817045, guid: 10ab5ae1971581d469d902c3e84796ed,
        type: 3}
      propertyPath: m_LocalPosition.z
      value: 4.4041176
      objectReference: {fileID: 0}
    - target: {fileID: -8679921383154817045, guid: 10ab5ae1971581d469d902c3e84796ed,
        type: 3}
      propertyPath: m_LocalRotation.w
      value: 1
      objectReference: {fileID: 0}
    - target: {fileID: -8679921383154817045, guid: 10ab5ae1971581d469d902c3e84796ed,
        type: 3}
      propertyPath: m_LocalRotation.x
      value: 0.00012349027
      objectReference: {fileID: 0}
    - target: {fileID: -8679921383154817045, guid: 10ab5ae1971581d469d902c3e84796ed,
        type: 3}
      propertyPath: m_LocalRotation.y
      value: -0
      objectReference: {fileID: 0}
    - target: {fileID: -8679921383154817045, guid: 10ab5ae1971581d469d902c3e84796ed,
        type: 3}
      propertyPath: m_LocalRotation.z
      value: -0
      objectReference: {fileID: 0}
    - target: {fileID: -8679921383154817045, guid: 10ab5ae1971581d469d902c3e84796ed,
        type: 3}
      propertyPath: m_LocalEulerAnglesHint.x
      value: 0
      objectReference: {fileID: 0}
    - target: {fileID: -8679921383154817045, guid: 10ab5ae1971581d469d902c3e84796ed,
        type: 3}
      propertyPath: m_LocalEulerAnglesHint.y
      value: 0
      objectReference: {fileID: 0}
    - target: {fileID: -8679921383154817045, guid: 10ab5ae1971581d469d902c3e84796ed,
        type: 3}
      propertyPath: m_LocalEulerAnglesHint.z
      value: 0
      objectReference: {fileID: 0}
    - target: {fileID: -7511558181221131132, guid: 10ab5ae1971581d469d902c3e84796ed,
        type: 3}
      propertyPath: m_Materials.Array.data[0]
      value: 
      objectReference: {fileID: 2100000, guid: 3024afc479c626d4fbe087b269f3566f, type: 2}
    - target: {fileID: 919132149155446097, guid: 10ab5ae1971581d469d902c3e84796ed,
        type: 3}
      propertyPath: m_Name
      value: 1Lor
      objectReference: {fileID: 0}
    m_RemovedComponents: []
  m_SourcePrefab: {fileID: 100100000, guid: 10ab5ae1971581d469d902c3e84796ed, type: 3}
--- !u!4 &8573544492371437043 stripped
Transform:
  m_CorrespondingSourceObject: {fileID: -8679921383154817045, guid: 10ab5ae1971581d469d902c3e84796ed,
    type: 3}
  m_PrefabInstance: {fileID: 8174561329566384664}
  m_PrefabAsset: {fileID: 0}
--- !u!1 &9056890471971700553 stripped
GameObject:
  m_CorrespondingSourceObject: {fileID: 919132149155446097, guid: 10ab5ae1971581d469d902c3e84796ed,
    type: 3}
  m_PrefabInstance: {fileID: 8174561329566384664}
  m_PrefabAsset: {fileID: 0}
--- !u!114 &8174561328468686236
MonoBehaviour:
  m_ObjectHideFlags: 0
  m_CorrespondingSourceObject: {fileID: 0}
  m_PrefabInstance: {fileID: 0}
  m_PrefabAsset: {fileID: 0}
  m_GameObject: {fileID: 9056890471971700553}
  m_Enabled: 1
  m_EditorHideFlags: 0
  m_Script: {fileID: 11500000, guid: 2c462b255f9d3ab4384880a70b3138e2, type: 3}
  m_Name: 
  m_EditorClassIdentifier: 
  m_AngularSpeed: 5
  m_AxisOfRotation: {x: 1, y: 0, z: 0}
